<?xml version="1.0" encoding="UTF-8"?><record xmlns="http://www.loc.gov/MARC21/slim" xmlns:cinclude="http://apache.org/cocoon/include/1.0" xmlns:zs="http://www.loc.gov/zing/srw/">
  <leader>00370nz  a2200121n  4500</leader>
  <controlfield tag="001">nr 94002154 </controlfield>
  <controlfield tag="003">DLC</controlfield>
  <controlfield tag="005">19940125054713.1</controlfield>
  <controlfield tag="008">940120n| acannaab|          |n aaa     c</controlfield>
  <datafield tag="010" ind1=" " ind2=" ">
    <subfield code="a">nr 94002154 </subfield>
  </datafield>
  <datafield tag="040" ind1=" " ind2=" ">
    <subfield code="a">NjP</subfield>
    <subfield code="c">NjP</subfield>
  </datafield>
  <datafield tag="100" ind1="1" ind2="0">
    <subfield code="a">Ebiri, Kutlay</subfield>
  </datafield>
  <datafield tag="670" ind1=" " ind2=" ">
    <subfield code="a">Bozkurt, Z. 1972 yılı insangücü anketinin otuzüç sanayi dalı ile igili sonuçlar, 1975:</subfield>
    <subfield code="b">t.p. (Kutlay Ebiri)</subfield>
  </datafield>
</record>